@article{adleman,
	author = {Leonard Adleman},
    title = {{\textsc Computing with DNA}},
    journal = {Scientific American},
    year = {1998},
}

@conference{dna-computing,
    author = "Guangzhao Cui and Cuiling Li and Haobin Li and Xiaoguang Li",
    title = {{\textsc DNA Computing and Its Application to Information Security Field}},
    booktitle = {Fifth International Conference on Natural Computation},
    year = {2009},
}

@article{leier,
    author = {Andrew Leier, Christoph Richter, Wolfgang Banzhaf, Hilmar Rauhe},
    title = {{\textsc Cryptography with DNA binary strands}},
    journal = {Elsevier Science},
    year = {2000},
}
@article{logic-gates,
    author = {Steve Bradt},
    title = {{\textsc Everyday Technology Underlies First DNA Computer Logic Gates}},
    year = {1997},
}

@conference{intractable-problems,
    author = "Richard Beigel and Bin Fu",
    title = {{\textsc Solving Intractable Problems with DNA Computing}},
    booktitle = {Thirteenth Annual IEEE Conference on Computational Complexity},
    year = {1998}
}

@conference{fasila-system,
    author = "Fasila K.A. and Deepthy Antony",
    title = {{\textsc A Multiphase Cryptosystem with Secure Key
    Encapsulation Scheme Based on Principles of DNA Computing}},
    booktitle = {Fourth International Conference on Advances in Computing and Communications},
    year = {2014},
}

@manual{c-nanotubes,
    author = {Jie Chen},
    title = {{\textsc A DNA-based, Biomolecular Cryptography Design}},
    year = {2003},
}

@inbook{dna_ghr,
    author = {},
    title = {{\textsc Help Me Understand Genetics}},
    chapter = {{\textsc Cells and DNA}},
    publisher = {US National Library of Medicine},
    institution = {National Institutes of Health},
    pages = {10},
    year = {2016}
}

@booklet{metrics,
    author = "Norman Jorstad and Landgrave Smith Jr.",
    title = {{\textsc Cryptographic Algorithm Metrics}},
    year = {1997},
}

@book{153,
    author = "Christof Paar and Jan Pelzl",
    title = {{\textsc Understanding Cryptography}},
    year = {2010},
    publisher = {Springer},
}

@misc{dna,
    author = {Rachel Rettner},
    title = {{\textsc DNA: Defintion, Structure, and Discovery}},
    year = {2013},
    url = {http://www.livescience.com/37247-dna.html},
}

@misc{pcr,
    author = {Susha Cheriyedath},
    year = {2016},
    title = {{\textsc The Polymerase Chain Reaction}},
    url = {http://www.news-medical.net/life-sciences/The-Polymerase-Chain-Reaction.aspx},
}

@misc{processes,
    author = {Scott McCloskey},
    title = {{\textsc Complexity and Computability}},
    url = {http://www.cim.mcgill.ca/~scott/RIT/dna_computing.html}
}

@misc{eval,
    author = "Eric Roberts and John Hennessy",
    title = {{\textsc DNA Computing}},
    year = {2003},
    url = {https://cs.stanford.edu/people/eroberts/courses/soco/projects/2003-04/dna-computing/intro.htm}
}

@mastersthesis{mastersangeline,
  author       = {Angeline Priyahdharshini Thiruthuvadoss}, 
  title        = {{\textsc Comparison and Performance Evaluation of Modern Cryptography and DNA Cryptography}},
  school       = {Royal Institute Of Technology - Department of System on Chip Design},
  location     = {Stockholm, Sweden},
  year         = 2012
}